<?xml version="1.0" encoding="UTF-8"?>
  <record xmlns="http://www.loc.gov/MARC21/slim" type="Authority">
    <leader>00000nz  a2200000nc 4500</leader>
    <controlfield tag="001">118593870</controlfield>
    <controlfield tag="003">DE-101</controlfield>
    <controlfield tag="005">20210128094414.0</controlfield>
    <controlfield tag="008">880701n||azznnaabn           | aaa    |c</controlfield>
    <datafield tag="024" ind1="7" ind2=" ">
      <subfield code="a">118593870</subfield>
      <subfield code="0">http://d-nb.info/gnd/118593870</subfield>
      <subfield code="2">gnd</subfield>
    </datafield>
    <datafield tag="035" ind1=" " ind2=" ">
      <subfield code="a">(DE-101)118593870</subfield>
    </datafield>
    <datafield tag="035" ind1=" " ind2=" ">
      <subfield code="a">(DE-588)118593870</subfield>
    </datafield>
    <datafield tag="035" ind1=" " ind2=" ">
      <subfield code="z">(DE-588)1089099339</subfield>
    </datafield>
    <datafield tag="035" ind1=" " ind2=" ">
      <subfield code="z">(DE-588a)118593870</subfield>
      <subfield code="9">v:zg</subfield>
    </datafield>
    <datafield tag="035" ind1=" " ind2=" ">
      <subfield code="z">(DE-588c)4045758-8</subfield>
      <subfield code="9">v:zg</subfield>
    </datafield>
    <datafield tag="040" ind1=" " ind2=" ">
      <subfield code="a">DE-101</subfield>
      <subfield code="c">DE-101</subfield>
      <subfield code="9">r:DE-101</subfield>
      <subfield code="b">ger</subfield>
      <subfield code="d">0103</subfield>
      <subfield code="e">rda</subfield>
    </datafield>
    <datafield tag="042" ind1=" " ind2=" ">
      <subfield code="a">gnd1</subfield>
    </datafield>
    <datafield tag="043" ind1=" " ind2=" ">
      <subfield code="c">XA-ES</subfield>
    </datafield>
    <datafield tag="065" ind1=" " ind2=" ">
      <subfield code="a">16.5p</subfield>
      <subfield code="2">sswd</subfield>
    </datafield>
    <datafield tag="075" ind1=" " ind2=" ">
      <subfield code="b">p</subfield>
      <subfield code="2">gndgen</subfield>
    </datafield>
    <datafield tag="075" ind1=" " ind2=" ">
      <subfield code="b">pik</subfield>
      <subfield code="2">gndspec</subfield>
    </datafield>
    <datafield tag="079" ind1=" " ind2=" ">
      <subfield code="a">g</subfield>
      <subfield code="q">a</subfield>
      <subfield code="q">f</subfield>
      <subfield code="q">s</subfield>
      <subfield code="q">z</subfield>
      <subfield code="u">w</subfield>
      <subfield code="u">v</subfield>
      <subfield code="u">o</subfield>
      <subfield code="u">k</subfield>
    </datafield>
    <datafield tag="100" ind1="0" ind2=" ">
      <subfield code="a">Philipp</subfield>
      <subfield code="b">IV.</subfield>
      <subfield code="c">Spanien, König</subfield>
      <subfield code="d">1605-1665</subfield>
    </datafield>
    <datafield tag="375" ind1=" " ind2=" ">
      <subfield code="a">1</subfield>
      <subfield code="2">iso5218</subfield>
    </datafield>
    <datafield tag="400" ind1="0" ind2=" ">
      <subfield code="a">Philippus</subfield>
      <subfield code="c">Austriacus</subfield>
      <subfield code="d">1605-1665</subfield>
    </datafield>
    <datafield tag="400" ind1="0" ind2=" ">
      <subfield code="a">Philippus</subfield>
      <subfield code="b">IV.</subfield>
      <subfield code="c">Hispania, Rex</subfield>
      <subfield code="d">1605-1665</subfield>
    </datafield>
    <datafield tag="400" ind1="0" ind2=" ">
      <subfield code="a">Philippus Dominicus Victor</subfield>
      <subfield code="c">Austriacus</subfield>
      <subfield code="d">1605-1665</subfield>
    </datafield>
    <datafield tag="400" ind1="0" ind2=" ">
      <subfield code="a">Filippo</subfield>
      <subfield code="b">IIII.</subfield>
      <subfield code="d">1605-1665</subfield>
    </datafield>
    <datafield tag="400" ind1="0" ind2=" ">
      <subfield code="a">Filippo</subfield>
      <subfield code="c">il Grande</subfield>
      <subfield code="d">1605-1665</subfield>
    </datafield>
    <datafield tag="400" ind1="0" ind2=" ">
      <subfield code="a">Felippe</subfield>
      <subfield code="b">IV.</subfield>
      <subfield code="c">Espana, Rey</subfield>
      <subfield code="d">1605-1665</subfield>
    </datafield>
    <datafield tag="400" ind1="0" ind2=" ">
      <subfield code="a">Filippo</subfield>
      <subfield code="b">IIII.</subfield>
      <subfield code="c">R`e</subfield>
      <subfield code="d">1605-1665</subfield>
    </datafield>
    <datafield tag="400" ind1="0" ind2=" ">
      <subfield code="a">Filippo</subfield>
      <subfield code="b">IV.</subfield>
      <subfield code="c">Spagna, Re</subfield>
      <subfield code="d">1605-1665</subfield>
    </datafield>
    <datafield tag="400" ind1="0" ind2=" ">
      <subfield code="a">Phelipe</subfield>
      <subfield code="b">III.</subfield>
      <subfield code="c">Espaigne, Roi</subfield>
      <subfield code="d">1605-1665</subfield>
    </datafield>
    <datafield tag="400" ind1="0" ind2=" ">
      <subfield code="a">Phelipp</subfield>
      <subfield code="b">IV.</subfield>
      <subfield code="c">España, Rey</subfield>
      <subfield code="d">1605-1665</subfield>
    </datafield>
    <datafield tag="400" ind1="0" ind2=" ">
      <subfield code="a">Phelippe</subfield>
      <subfield code="b">IV.</subfield>
      <subfield code="c">Espana, Rey</subfield>
      <subfield code="d">1605-1665</subfield>
    </datafield>
    <datafield tag="400" ind1="0" ind2=" ">
      <subfield code="a">Philip</subfield>
      <subfield code="b">IV.</subfield>
      <subfield code="c">Spanien, König</subfield>
      <subfield code="d">1605-1665</subfield>
    </datafield>
    <datafield tag="400" ind1="0" ind2=" ">
      <subfield code="a">Philip</subfield>
      <subfield code="c">Spain, King, IV</subfield>
      <subfield code="d">1605-1665</subfield>
    </datafield>
    <datafield tag="400" ind1="0" ind2=" ">
      <subfield code="a">Philipp</subfield>
      <subfield code="b">IV.</subfield>
      <subfield code="c">Hispanien, König</subfield>
      <subfield code="d">1605-1665</subfield>
    </datafield>
    <datafield tag="400" ind1="0" ind2=" ">
      <subfield code="a">Philippe</subfield>
      <subfield code="b">IV.</subfield>
      <subfield code="c">Espagne, Roi</subfield>
      <subfield code="d">1605-1665</subfield>
    </datafield>
    <datafield tag="400" ind1="0" ind2=" ">
      <subfield code="a">Philippe</subfield>
      <subfield code="c">Espagne, Roi</subfield>
      <subfield code="d">1605-1665</subfield>
    </datafield>
    <datafield tag="400" ind1="0" ind2=" ">
      <subfield code="a">Filippo</subfield>
      <subfield code="b">IIII.</subfield>
      <subfield code="c">Spagna, Re</subfield>
      <subfield code="d">1605-1665</subfield>
    </datafield>
    <datafield tag="400" ind1="0" ind2=" ">
      <subfield code="a">Filippo</subfield>
      <subfield code="c">d'Austria</subfield>
      <subfield code="d">1605-1665</subfield>
    </datafield>
    <datafield tag="400" ind1="0" ind2=" ">
      <subfield code="a">Felipe</subfield>
      <subfield code="b">IV.</subfield>
      <subfield code="c">España, Rey</subfield>
      <subfield code="d">1605-1665</subfield>
    </datafield>
    <datafield tag="400" ind1="0" ind2=" ">
      <subfield code="a">Felipe</subfield>
      <subfield code="b">IV.</subfield>
      <subfield code="c">Spanien, König</subfield>
      <subfield code="d">1605-1665</subfield>
    </datafield>
    <datafield tag="400" ind1="0" ind2=" ">
      <subfield code="a">Philipp</subfield>
      <subfield code="b">III.</subfield>
      <subfield code="c">Portugal, König</subfield>
      <subfield code="d">1605-1665</subfield>
    </datafield>
    <datafield tag="400" ind1="0" ind2=" ">
      <subfield code="a">Philippus</subfield>
      <subfield code="c">Portugallia, Rex</subfield>
      <subfield code="d">1605-1665</subfield>
    </datafield>
    <datafield tag="400" ind1="0" ind2=" ">
      <subfield code="a">Filipe</subfield>
      <subfield code="b">III.</subfield>
      <subfield code="c">Portugal, König</subfield>
      <subfield code="d">1605-1665</subfield>
    </datafield>
    <datafield tag="400" ind1="0" ind2=" ">
      <subfield code="a">Filippo</subfield>
      <subfield code="b">III.</subfield>
      <subfield code="c">Neapel und Sizilien, König</subfield>
      <subfield code="d">1605-1665</subfield>
    </datafield>
    <datafield tag="400" ind1="0" ind2=" ">
      <subfield code="a">Filippo</subfield>
      <subfield code="b">III.</subfield>
      <subfield code="c">Sardinien, König</subfield>
      <subfield code="d">1605-1665</subfield>
    </datafield>
    <datafield tag="500" ind1="0" ind2=" ">
      <subfield code="0">(DE-101)118593846</subfield>
      <subfield code="0">(DE-588)118593846</subfield>
      <subfield code="0">https://d-nb.info/gnd/118593846</subfield>
      <subfield code="a">Philipp</subfield>
      <subfield code="b">III.</subfield>
      <subfield code="c">Spanien, König</subfield>
      <subfield code="d">1578-1621</subfield>
      <subfield code="4">bezf</subfield>
      <subfield code="4">https://d-nb.info/standards/elementset/gnd#familialRelationship</subfield>
      <subfield code="w">r</subfield>
      <subfield code="i">Beziehung familiaer</subfield>
      <subfield code="e">Beziehung familiaer</subfield>
      <subfield code="9">v:Vater</subfield>
    </datafield>
    <datafield tag="500" ind1="0" ind2=" ">
      <subfield code="0">(DE-101)104189584</subfield>
      <subfield code="0">(DE-588)104189584</subfield>
      <subfield code="0">https://d-nb.info/gnd/104189584</subfield>
      <subfield code="a">Margarethe</subfield>
      <subfield code="c">Spanien, Königin</subfield>
      <subfield code="d">1584-1611</subfield>
      <subfield code="4">bezf</subfield>
      <subfield code="4">https://d-nb.info/standards/elementset/gnd#familialRelationship</subfield>
      <subfield code="w">r</subfield>
      <subfield code="i">Beziehung familiaer</subfield>
      <subfield code="e">Beziehung familiaer</subfield>
      <subfield code="9">v:Mutter</subfield>
    </datafield>
    <datafield tag="500" ind1="0" ind2=" ">
      <subfield code="0">(DE-101)122381335</subfield>
      <subfield code="0">(DE-588)122381335</subfield>
      <subfield code="0">https://d-nb.info/gnd/122381335</subfield>
      <subfield code="a">Isabel</subfield>
      <subfield code="c">España, Reina</subfield>
      <subfield code="d">1602-1644</subfield>
      <subfield code="4">bezf</subfield>
      <subfield code="4">https://d-nb.info/standards/elementset/gnd#familialRelationship</subfield>
      <subfield code="w">r</subfield>
      <subfield code="i">Beziehung familiaer</subfield>
      <subfield code="e">Beziehung familiaer</subfield>
      <subfield code="9">v:1. Ehefrau</subfield>
    </datafield>
    <datafield tag="500" ind1="0" ind2=" ">
      <subfield code="0">(DE-101)129556025</subfield>
      <subfield code="0">(DE-588)129556025</subfield>
      <subfield code="0">https://d-nb.info/gnd/129556025</subfield>
      <subfield code="a">Baltasar Carlos</subfield>
      <subfield code="c">Spanien, Prinz</subfield>
      <subfield code="d">1629-1646</subfield>
      <subfield code="4">bezf</subfield>
      <subfield code="4">https://d-nb.info/standards/elementset/gnd#familialRelationship</subfield>
      <subfield code="w">r</subfield>
      <subfield code="i">Beziehung familiaer</subfield>
      <subfield code="e">Beziehung familiaer</subfield>
      <subfield code="9">v:Sohn</subfield>
    </datafield>
    <datafield tag="500" ind1="0" ind2=" ">
      <subfield code="0">(DE-101)119150182</subfield>
      <subfield code="0">(DE-588)119150182</subfield>
      <subfield code="0">https://d-nb.info/gnd/119150182</subfield>
      <subfield code="a">Maria Theresia</subfield>
      <subfield code="c">Frankreich, Königin</subfield>
      <subfield code="d">1638-1683</subfield>
      <subfield code="4">bezf</subfield>
      <subfield code="4">https://d-nb.info/standards/elementset/gnd#familialRelationship</subfield>
      <subfield code="w">r</subfield>
      <subfield code="i">Beziehung familiaer</subfield>
      <subfield code="e">Beziehung familiaer</subfield>
      <subfield code="9">v:Tochter</subfield>
    </datafield>
    <datafield tag="500" ind1="0" ind2=" ">
      <subfield code="0">(DE-101)118781863</subfield>
      <subfield code="0">(DE-588)118781863</subfield>
      <subfield code="0">https://d-nb.info/gnd/118781863</subfield>
      <subfield code="a">Maria Anna</subfield>
      <subfield code="c">Spanien, Königin</subfield>
      <subfield code="d">1634-1696</subfield>
      <subfield code="4">bezf</subfield>
      <subfield code="4">https://d-nb.info/standards/elementset/gnd#familialRelationship</subfield>
      <subfield code="w">r</subfield>
      <subfield code="i">Beziehung familiaer</subfield>
      <subfield code="e">Beziehung familiaer</subfield>
      <subfield code="9">v:2. Ehefrau</subfield>
    </datafield>
    <datafield tag="500" ind1="0" ind2=" ">
      <subfield code="0">(DE-101)118730991</subfield>
      <subfield code="0">(DE-588)118730991</subfield>
      <subfield code="0">https://d-nb.info/gnd/118730991</subfield>
      <subfield code="a">Margarete Theresia</subfield>
      <subfield code="c">Heiliges Römisches Reich, Kaiserin</subfield>
      <subfield code="d">1651-1673</subfield>
      <subfield code="4">bezf</subfield>
      <subfield code="4">https://d-nb.info/standards/elementset/gnd#familialRelationship</subfield>
      <subfield code="w">r</subfield>
      <subfield code="i">Beziehung familiaer</subfield>
      <subfield code="e">Beziehung familiaer</subfield>
      <subfield code="9">v:Tochter</subfield>
    </datafield>
    <datafield tag="500" ind1="0" ind2=" ">
      <subfield code="0">(DE-101)139914161</subfield>
      <subfield code="0">(DE-588)139914161</subfield>
      <subfield code="0">https://d-nb.info/gnd/139914161</subfield>
      <subfield code="a">Philipp Prosper</subfield>
      <subfield code="c">Spanien, Prinz</subfield>
      <subfield code="d">1657-1661</subfield>
      <subfield code="4">bezf</subfield>
      <subfield code="4">https://d-nb.info/standards/elementset/gnd#familialRelationship</subfield>
      <subfield code="w">r</subfield>
      <subfield code="i">Beziehung familiaer</subfield>
      <subfield code="e">Beziehung familiaer</subfield>
      <subfield code="9">v:Sohn</subfield>
    </datafield>
    <datafield tag="500" ind1="0" ind2=" ">
      <subfield code="0">(DE-101)118776797</subfield>
      <subfield code="0">(DE-588)118776797</subfield>
      <subfield code="0">https://d-nb.info/gnd/118776797</subfield>
      <subfield code="a">Karl</subfield>
      <subfield code="b">II.</subfield>
      <subfield code="c">Spanien, König</subfield>
      <subfield code="d">1661-1700</subfield>
      <subfield code="4">bezf</subfield>
      <subfield code="4">https://d-nb.info/standards/elementset/gnd#familialRelationship</subfield>
      <subfield code="w">r</subfield>
      <subfield code="i">Beziehung familiaer</subfield>
      <subfield code="e">Beziehung familiaer</subfield>
      <subfield code="9">v:Sohn</subfield>
    </datafield>
    <datafield tag="500" ind1="0" ind2=" ">
      <subfield code="0">(DE-101)118713302</subfield>
      <subfield code="0">(DE-588)118713302</subfield>
      <subfield code="0">https://d-nb.info/gnd/118713302</subfield>
      <subfield code="a">Juan</subfield>
      <subfield code="c">de Austria, 1629-1679</subfield>
      <subfield code="d">1629-1679</subfield>
      <subfield code="4">bezf</subfield>
      <subfield code="4">https://d-nb.info/standards/elementset/gnd#familialRelationship</subfield>
      <subfield code="w">r</subfield>
      <subfield code="i">Beziehung familiaer</subfield>
      <subfield code="e">Beziehung familiaer</subfield>
      <subfield code="9">v:illegitimer Sohn</subfield>
    </datafield>
    <datafield tag="548" ind1=" " ind2=" ">
      <subfield code="a">1605-1665</subfield>
      <subfield code="4">datl</subfield>
      <subfield code="4">https://d-nb.info/standards/elementset/gnd#dateOfBirthAndDeath</subfield>
      <subfield code="w">r</subfield>
      <subfield code="i">Lebensdaten</subfield>
    </datafield>
    <datafield tag="550" ind1=" " ind2=" ">
      <subfield code="0">(DE-101)040315169</subfield>
      <subfield code="0">(DE-588)4031516-2</subfield>
      <subfield code="0">https://d-nb.info/gnd/4031516-2</subfield>
      <subfield code="a">König</subfield>
      <subfield code="4">adel</subfield>
      <subfield code="4">https://d-nb.info/standards/elementset/gnd#titleOfNobility</subfield>
      <subfield code="w">r</subfield>
      <subfield code="i">Adelstitel</subfield>
    </datafield>
    <datafield tag="550" ind1=" " ind2=" ">
      <subfield code="0">(DE-101)040004643</subfield>
      <subfield code="0">(DE-588)4000464-8</subfield>
      <subfield code="0">https://d-nb.info/gnd/4000464-8</subfield>
      <subfield code="a">Adel</subfield>
      <subfield code="4">obin</subfield>
      <subfield code="4">https://d-nb.info/standards/elementset/gnd#broaderTermInstantial</subfield>
      <subfield code="w">r</subfield>
      <subfield code="i">Oberbegriff instantiell</subfield>
    </datafield>
    <datafield tag="551" ind1=" " ind2=" ">
      <subfield code="0">(DE-101)041193555</subfield>
      <subfield code="0">(DE-588)4119355-6</subfield>
      <subfield code="0">https://d-nb.info/gnd/4119355-6</subfield>
      <subfield code="a">Valladolid</subfield>
      <subfield code="4">ortg</subfield>
      <subfield code="4">https://d-nb.info/standards/elementset/gnd#placeOfBirth</subfield>
      <subfield code="w">r</subfield>
      <subfield code="i">Geburtsort</subfield>
    </datafield>
    <datafield tag="551" ind1=" " ind2=" ">
      <subfield code="0">(DE-101)040368629</subfield>
      <subfield code="0">(DE-588)4036862-2</subfield>
      <subfield code="0">https://d-nb.info/gnd/4036862-2</subfield>
      <subfield code="a">Madrid</subfield>
      <subfield code="4">orts</subfield>
      <subfield code="4">https://d-nb.info/standards/elementset/gnd#placeOfDeath</subfield>
      <subfield code="w">r</subfield>
      <subfield code="i">Sterbeort</subfield>
    </datafield>
    <datafield tag="667" ind1=" " ind2=" ">
      <subfield code="a">12</subfield>
    </datafield>
    <datafield tag="667" ind1=" " ind2=" ">
      <subfield code="a">384</subfield>
    </datafield>
    <datafield tag="667" ind1=" " ind2=" ">
      <subfield code="a">VD-17</subfield>
    </datafield>
    <datafield tag="670" ind1=" " ind2=" ">
      <subfield code="a">M/Reg., B 1986</subfield>
    </datafield>
    <datafield tag="672" ind1=" " ind2="0">
      <subfield code="a">Felipe &lt;España, Rey, IV.&gt;: A proclomation for reformation. - 1623</subfield>
    </datafield>
    <datafield tag="672" ind1=" " ind2="0">
      <subfield code="a">The copy of two letters sent from Spaine. - 1621</subfield>
    </datafield>
    <datafield tag="672" ind1=" " ind2="0">
      <subfield code="a">Plainte catholique addreß́ée à la Majesté de Philippe le Grand, Roy des Espagnes. - 1641</subfield>
    </datafield>
    <datafield tag="913" ind1=" " ind2=" ">
      <subfield code="S">pnd</subfield>
      <subfield code="i">5</subfield>
      <subfield code="a">Felipe &lt;España, Rey, IV.&gt;</subfield>
      <subfield code="0">(DE-588a)118593870</subfield>
    </datafield>
    <datafield tag="913" ind1=" " ind2=" ">
      <subfield code="S">pnd</subfield>
      <subfield code="i">5</subfield>
      <subfield code="a">Philipp &lt;Spanien, König, IV.&gt;</subfield>
      <subfield code="0">(DE-588a)118593870</subfield>
    </datafield>
  </record>
